<record><leader>00000cas a2200000 a 4500</leader><controlfield tag="001">36134755</controlfield><controlfield tag="008">961226d189119uumiuwr n       0    0eng c</controlfield><datafield ind1=" " ind2=" " tag="010"><subfield code="a">sn 96077408 </subfield></datafield><datafield ind1=" " ind2=" " tag="040"><subfield code="a">MHN</subfield><subfield code="b">eng</subfield><subfield code="c">MHN</subfield><subfield code="d">OCL</subfield><subfield code="d">MHN</subfield><subfield code="d">OCLCQ</subfield><subfield code="d">OCLCO</subfield></datafield><datafield ind1="1" ind2=" " tag="029"><subfield code="a">AU@</subfield><subfield code="b">000013023172</subfield></datafield><datafield ind1=" " ind2=" " tag="042"><subfield code="a">pcc</subfield></datafield><datafield ind1=" " ind2=" " tag="043"><subfield code="a">n-us-mi</subfield></datafield><datafield ind1="0" ind2="4" tag="245"><subfield code="a">The Petersburgh sun.</subfield></datafield><datafield ind1="3" ind2=" " tag="246"><subfield code="a">Petersburg sun</subfield></datafield><datafield ind1=" " ind2=" " tag="260"><subfield code="a">Petersburgh, Monroe County, Mich. :</subfield><subfield code="b">A.P. Faling</subfield></datafield><datafield ind1=" " ind2=" " tag="300"><subfield code="a">v.</subfield></datafield><datafield ind1=" " ind2=" " tag="310"><subfield code="a">Weekly</subfield></datafield><datafield ind1="0" ind2=" " tag="362"><subfield code="a">[Vol. 12, no. 9] (Oct. 9, 1891)-</subfield></datafield><datafield ind1=" " ind2=" " tag="500"><subfield code="a">Page 1 missing from Oct. 9, 1891 issue; title from publisher's statement.</subfield></datafield><datafield ind1=" " ind2="0" tag="651"><subfield code="a">Petersburg (Mich.)</subfield><subfield code="v">Newspapers.</subfield></datafield><datafield ind1=" " ind2="0" tag="651"><subfield code="a">Monroe County (Mich.)</subfield><subfield code="v">Newspapers.</subfield></datafield><datafield ind1=" " ind2=" " tag="752"><subfield code="a">United States</subfield><subfield code="b">Michigan</subfield><subfield code="c">Monroe</subfield><subfield code="d">Petersburgh.</subfield></datafield><datafield ind1=" " ind2=" " tag="752"><subfield code="a">United States</subfield><subfield code="b">Michigan</subfield><subfield code="c">Monroe</subfield><subfield code="d">Petersburg.</subfield></datafield><datafield ind1="0" ind2="0" tag="780"><subfield code="t">Petersburgh bulletin</subfield><subfield code="w">(DLC)sn 96077407</subfield><subfield code="w">(OCoLC)36134812</subfield></datafield><datafield ind1="1" ind2="7" tag="785"><subfield code="t">Dundee reporter</subfield><subfield code="w">(DLC)sn 96076833</subfield><subfield code="w">(OCoLC)35070522</subfield></datafield><datafield ind1="1" ind2="7" tag="785"><subfield code="t">Reporter-sun</subfield><subfield code="w">(DLC)sn2001061756</subfield><subfield code="w">(OCoLC)47848152</subfield></datafield></record>